2625 3449
200 148 323 201 ,16

249 285 503 339 (Βιαιίιω-
531 299 572 339 p.
605 286 696 338 5¹)
740 299 864 339 qnam
897 286 997 324 inde
1029 285 1270 339 repetenda
1303 286 1502 334 videtur,
1533 286 1654 341 qnod
1684 292 1842 340 poeta,
1882 301 1969 342 quo
2001 293 2196 342 tempore
2232 302 2406 330 carmen

249 359 474 399 saeculare
508 363 636 412 atque
669 357 924 412 illa-quarti
954 357 1058 397 libri
1090 362 1289 411 poemata
1323 357 1545 408 condidit,
1576 364 1720 399 aetate
1753 359 1834 399 iam
1865 365 2056 400 maturus
2085 375 2216 415 qnum
2247 360 2291 400 in
2318 361 2406 402 vita

248 436 339 472 tum
371 431 414 470 in
448 430 645 471 versibus
676 431 848 471 mitiora
881 446 930 472 ac
962 431 1207 485 placidiora
1241 445 1379 471 amare
1412 431 1582 485 coepit:

494 502 622 543 leniit
652 502 887 544 albescens
920 504 1082 543 animos
1117 517 1404 558 numerosque
1438 503 1625 558 capillus
1656 505 1774 560 (Od.
1806 507 1863 552 ὅ,
1898 505 1985 554 14,
2021 506 2139 559 9..5.)

1112 621 1215 671 Str.
1256 621 1326 672 16
1368 653 1421 659 —
1460 620 1547 670 19.

364 724 415 763 ln
448 724 617 778 proedo
649 723 808 764 chorus
842 722 1031 762 cecinit:
1076 722 1188 762 Date
1223 737 1336 777 qnae
1367 737 1619 777 precamur,
1652 723 1831 763 Phoebe
1864 730 1908 763 et
1944 723 2092 764 Diana.
2136 723 2190 764 ln
2220 723 2401 764 mesodo

248 797 429 837 eandem
468 797 732 837 sententiam
771 795 974 835 iteravit:
1034 794 1197 835 Audite
1229 800 1403 836 nostras
1435 810 1618 848 preces,
1653 796 1817 849 Apollo
1850 802 1894 836 et
1927 797 2063 837 Luna.
2121 797 2325 852 Denique
2354 796 2401 837 in

247 869 391 924 epodo
422 860 652 909 universus
684 867 845 909 chorus
876 867 985 907 hane
1018 867 1280 908 sententiam
1311 868 1369 907 ita
1402 867 1587 922 repetit,
1636 874 1679 907 ut
1721 883 1807 909 non
1850 870 1933 909 iam
1965 869 2140 910 numina
2169 869 2265 925 ipsa
2294 869 2401 912 allo·

246 949 428 997 quatur,
476 942 555 983 sed
595 942 651 982 ad
690 942 927 995 populum,
976 942 1019 980 ni
1051 941 1207 990 fallor,
1253 955 1494 998 conversus
1527 941 1658 981 tertia
1691 957 1878 996 persona
1912 943 2054 983 dicate
2114 943 2323 984 Phoebus
2357 950 2400 983 et

246 1016 384 1056 Diana
418 1031 549 1071 quum
580 1015 988 1067 Quindecimvirum
1018 1015 1113 1068 pias
1144 1029 1327 1068 preces,
1375 1029 1480 1070 quas
1520 1014 1589 1053 illi
1626 1015 1669 1054 in
1699 1015 1988 1056 sacrificando
2019 1031 2100 1070 pro
2131 1016 2306 1070 imperii
2333 1016 2399 1056 in-

244 1089 500 1131 columitate
532 1093 825 1142 susceperunt
866 1089 934 1143 (v.
966 1088 1163 1129 Zosimus
1198 1089 1252 1137 2,
1286 1089 1374 1143 5),
1421 1094 1510 1129 tum
1551 1094 1699 1130 nostra
1740 1104 1850 1144 quae
1888 1090 2017 1131 modo
2046 1089 2398 1147 ¹nuncupavimus

245 1170 344 1205 vota
376 1164 562 1217 henigne
597 1167 762 1202 curent.
836 1162 1067 1203 Postremo
1109 1162 1307 1202 omnihus
1349 1161 1555 1214 precibus
1597 1162 1682 1202 rite
1722 1163 1934 1216 perfectis
1966 1163 2081 1204 idem
2112 1163 2272 1205 chorus
2317 1164 2398 1203 iam

242 1237 414 1277 domum
447 1236 724 1275 discessurus
768 1249 815 1274 se
857 1241 1022 1275 certam
1067 1250 1187 1288 spem
1231 1235 1395 1274 hahere
1426 1236 1684 1288 profitetur,
1731 1237 1824 1275 fore
1856 1240 1904 1276 nt
1934 1237 2167 1290 «luppiter,
2209 1251 2399 1277 summus

242 1324 382 1350 rerum
416 1308 692 1348 humanarum
724 1308 999 1356 moderator,
1049 1307 1286 1362 cunctique
1328 1308 1387 1346 dii
1407 1308 1442 1362 ⁶)
1492 1322 1603 1362 quae
1648 1308 1806 1349 chorus
1844 1314 2051 1362 precatus
2085 1310 2142 1350 sit
2173 1317 2267 1351 rata
2299 1324 2394 1351 esse

240 1382 390 1423 velint.
452 1381 608 1436 Itaque
641 1395 730 1420 non
773 1385 867 1420 erat
909 1380 1026 1435 quod
1065 1380 1196 1419 tertia
1234 1379 1311 1419 illa
1357 1393 1545 1433 persona
1585 1380 1913 1421 offenderentur
1944 1380 2319 1435 Schmelzkopfius
2352 1389 2397 1422 et

241 1457 545 1503 Hei-mannus,
578 1454 652 1508 qni
684 1453 940 1506 praesertim
973 1452 1150 1492 eandem
1183 1451 1460 1491 admisissent
1492 1452 1669 1505 Stroph.
1702 1454 1754 1492 8:
1798 1452 1977 1492 Fertilis
2010 1453 2166 1493 Tellus
2198 1454 2338 1494 donet.

353 1526 731 1581 Schmelzkopfius
764 1525 965 1579 strophas
998 1526 1071 1566 16.
1102 1526 1177 1564 17.
1206 1524 1293 1572 18,
1328 1522 1413 1563 nisi
1445 1539 1466 1563 a
1499 1524 1854 1579 quindecimviris
1882 1530 2131 1575 cantentur,
2163 1527 2392 1580 languidas

240 1617 289 1642 ac
323 1614 670 1654 supervacaneas
704 1613 800 1639 esse
833 1598 921 1645 ait,
970 1598 1168 1653 quoniam
1200 1597 1268 1636 his
1302 1597 1495 1650 strophis
1526 1613 1638 1637 nova
1670 1599 1892 1639 sententia
1924 1599 2103 1639 carmini
2136 1599 2393 1639 adhibeatur

237 1673 376 1723 nulla,
408 1672 486 1713 sed
517 1672 571 1712 de
603 1671 706 1719 diis,
739 1671 794 1710 de
826 1671 984 1725 quibus
1016 1671 1250 1723 separatim
1282 1675 1349 1710 sat
1381 1670 1515 1710 multa
1547 1671 1635 1710 sint
1668 1672 1810 1721 dicta,
1839 1672 1902 1712 ita
1934 1679 2086 1727 agatur
2110 1673 2392 1726 generaliter,

235 1754 283 1788 nt
315 1761 463 1787 omues
496 1744 699 1786 carminis
732 1744 856 1783 nervi
887 1748 1143 1797 torpescant
1175 1747 1308 1797 atque
1339 1750 1671 1784 consenescant.
1748 1745 1818 1784 Ab
1849 1744 1932 1786 hoc
1973 1760 2062 1786 non
2093 1745 2269 1785 multum
2303 1745 2391 1786 dis-

236 1827 388 1874 crepat
418 1818 660 1860 Hcrmanni
693 1817 929 1865 iudicium,
963 1817 1038 1870 qui
1070 1816 1177 1856 duas
1211 1816 1416 1869 strophas
1452 1818 1512 1857 18
1546 1824 1588 1857 et
1626 1820 1683 1858 17
1714 1819 1758 1858 ἰιι
1789 1819 1899 1859 hane
1932 1834 2059 1859 unam
2090 1819 2334 1860 contraxitz

776 1890 933 1944 Augur
964 1895 1007 1930 et
1037 1889 1235 1943 fulgente
1269 1889 1455 1931 decorus
1488 1905 1618 1940 arcu,

780 1965 869 2016 Qui
901 1963 1123 2004 Palatinas
1156 1963 1275 2002 videt
1306 1978 1470 2018 aequus
1502 1979 1647 2013 arces,

782 2036 982 2076 Alterum
1013 2037 1056 2075 in
1089 2036 1276 2075 lustrum
1306 2036 1552 2090 meliusque
1584 2051 1754 2091 semper

782 2111 995 2162 Prorogat
1027 2124 1189 2149 aevum.

346 2187 435 2226 Nos
469 2201 574 2225 vero
605 2192 695 2224 tres
727 2184 829 2223 illas
860 2183 1092 2236 strophas,
1140 2184 1193 2221 ah
1225 2183 1388 2222 iunctis
1418 2183 1590 2238 quidem
1629 2184 1776 2236 pneris
1818 2183 2070 2239 puellisque
2113 2184 2384 2233 decantatas,

230 2273 500 2315 nequaquam
530 2258 684 2296 inanes
717 2262 792 2296 aut
824 2269 1174 2309 supervacaneas
1206 2254 1425 2294 habemus.
1501 2256 1675 2294 Etenim
1716 2256 1908 2310 strophis
1946 2257 2007 2296 ¹4
2040 2263 2083 2296 et
2119 2258 2181 2297 ¹5
2214 2272 2387 2297 carmen

228 2334 452 2373 saeculare
486 2330 695 2371 concludi
727 2345 816 2369 non
846 2329 1015 2383 potuit,
1065 2328 1165 2381 quia
1196 2335 1243 2367 ut
1276 2329 1433 2381 primas
1464 2330 1524 2369 ita
1557 2336 1770 2369 extremas
1804 2330 2004 2369 carminis
2038 2331 2239 2384 strophas
2273 2331 2387 2384 piam

226 2406 524 2460 precationem
557 2404 802 2452 continere,
836 2417 916 2443 nec
951 2418 974 2442 a
1004 2400 1192 2454 singulis
1227 2400 1348 2442 chori
1378 2403 1601 2456 partibus,
1635 2403 1713 2444 sed
1746 2403 1798 2443 ab
1829 2403 2036 2445 universo
2066 2403 2200 2444 choro
2229 2402 2386 2444 referri

227 2478 446 2520 convenit.
521 2476 625 2517 Sola
668 2481 812 2516 antem
854 2473 1034 2529 stropha
1078 2475 1138 2514 19
1178 2474 1352 2515 tenuior
1388 2481 1507 2516 esset
1545 2477 1656 2515 tanti
1700 2475 1899 2516 carminis
1942 2476 2197 2525 conclusio,
2241 2489 2382 2532 neque

224 2553 352 2592 huius
384 2551 592 2604 strophae
623 2550 783 2595 verba,
833 2563 943 2603 quae
990 2548 1043 2586 ad
1085 2548 1335 2600 superiores
1377 2564 1533 2602 preces
1578 2549 1632 2588 ab
1671 2550 1784 2589 Jove
1825 2549 2120 2589 exaudiendas
2161 2553 2380 2603 spectent,

222 2626 330 2666 satis
363 2623 588 2665 commode
622 2637 719 2662 cum
748 2621 955 2674 proximis
987 2620 1182 2674 strophis
1217 2622 1279 2662 14
1312 2627 1355 2661 et
1392 2622 1453 2661 15
1485 2621 1797 2672 cohaererent,
1838 2622 1883 2661 in
1912 2622 2073 2677 quibus
2111 2621 2257 2662 nullae
2291 2622 2380 2662 sint

220 2711 390 2752 preces.
422 2682 430 2689 „
468 2695 568 2736 Etsi
611 2699 754 2734 autem
794 2698 924 2747 poeta
966 2692 1160 2747 strophis
1208 2692 1284 2733 m.
1329 2695 1401 2735 17.
1452 2695 1513 2735 18
1557 2694 1763 2736 consulto
1811 2694 1955 2735 nullas
2002 2694 2142 2734 edidit
2185 2693 2383 2748 singulas

219 2784 442 2826 novasque
485 2782 665 2823 preces),
712 2767 877 2821 quippe
910 2780 1016 2819 quas
1049 2766 1274 2818 superiore
1307 2767 1495 2807 carmine
1528 2768 1608 2806 iam
1640 2767 1935 2815 absolvisset,
1983 2772 2153 2815 tamen,
2201 2781 2254 2806 ne
2288 2766 2384 2805 lan-

218 2843 392 2896 guidior
423 2848 542 2882 esset
585 2840 753 2888 oratio,
803 2839 998 2892 generali
1038 2839 1282 2890 precationi
1323 2855 1434 2880 nova
1478 2840 1691 2894 quaedam
1735 2840 1947 2887 inseruit,
1995 2853 2107 2895 qnae
2154 2838 2379 2878 Schmelz-

215 2916 389 2971 kopfius
417 2929 568 2969 parum
599 2914 774 2953 videtur
805 2911 1062 2953 attendisse.
1104 2911 1279 2951 Etenim
1312 2920 1441 2967 poeta
1473 2929 1603 2969 qaum
1631 2912 1886 2967 Apollinem
1918 2911 2053 2953 nullis
2086 2910 2227 2953 gdhue
2255 2912 2379 2952 012st-

286 3075 329 3122 ff)
379 3074 439 3109 Cf.
468 3073 625 3109 Nitneh
651 3075 697 3107 ad
725 3074 834 3109 Hom.
863 3072 997 3120 odyss.
1024 3072 1105 3112 lx.
1144 3071 1238 3107 4⁷9.
